%YAML 1.1
%TAG !u! tag:unity3d.com,2011:
--- !u!29 &1
OcclusionCullingSettings:
  m_ObjectHideFlags: 0
  serializedVersion: 2
  m_OcclusionBakeSettings:
    smallestOccluder: 5
    smallestHole: 0.25
    backfaceThreshold: 100
  m_SceneGUID: 00000000000000000000000000000000
  m_OcclusionCullingData: {fileID: 0}
--- !u!104 &2
RenderSettings:
  m_ObjectHideFlags: 0
  serializedVersion: 9
  m_Fog: 0
  m_FogColor: {r: 0.5, g: 0.5, b: 0.5, a: 1}
  m_FogMode: 3
  m_FogDensity: 0.01
  m_LinearFogStart: 0
  m_LinearFogEnd: 300
  m_AmbientSkyColor: {r: 0.212, g: 0.227, b: 0.259, a: 1}
  m_AmbientEquatorColor: {r: 0.114, g: 0.125, b: 0.133, a: 1}
  m_AmbientGroundColor: {r: 0.047, g: 0.043, b: 0.035, a: 1}
  m_AmbientIntensity: 1
  m_AmbientMode: 0
  m_SubtractiveShadowColor: {r: 0.42, g: 0.478, b: 0.627, a: 1}
  m_SkyboxMaterial: {fileID: 10304, guid: 0000000000000000f000000000000000, type: 0}
  m_HaloStrength: 0.5
  m_FlareStrength: 1
  m_FlareFadeSpeed: 3
  m_HaloTexture: {fileID: 0}
  m_SpotCookie: {fileID: 10001, guid: 0000000000000000e000000000000000, type: 0}
  m_DefaultReflectionMode: 0
  m_DefaultReflectionResolution: 128
  m_ReflectionBounces: 1
  m_ReflectionIntensity: 1
  m_CustomReflection: {fileID: 0}
  m_Sun: {fileID: 705507994}
  m_IndirectSpecularColor: {r: 0.44657898, g: 0.4964133, b: 0.5748178, a: 1}
  m_UseRadianceAmbientProbe: 0
--- !u!157 &3
LightmapSettings:
  m_ObjectHideFlags: 0
  serializedVersion: 11
  m_GIWorkflowMode: 0
  m_GISettings:
    serializedVersion: 2
    m_BounceScale: 1
    m_IndirectOutputScale: 1
    m_AlbedoBoost: 1
    m_EnvironmentLightingMode: 0
    m_EnableBakedLightmaps: 1
    m_EnableRealtimeLightmaps: 1
  m_LightmapEditorSettings:
    serializedVersion: 12
    m_Resolution: 2
    m_BakeResolution: 40
    m_AtlasSize: 1024
    m_AO: 0
    m_AOMaxDistance: 1
    m_CompAOExponent: 1
    m_CompAOExponentDirect: 0
    m_ExtractAmbientOcclusion: 0
    m_Padding: 2
    m_LightmapParameters: {fileID: 0}
    m_LightmapsBakeMode: 1
    m_TextureCompression: 1
    m_FinalGather: 0
    m_FinalGatherFiltering: 1
    m_FinalGatherRayCount: 256
    m_ReflectionCompression: 2
    m_MixedBakeMode: 2
    m_BakeBackend: 1
    m_PVRSampling: 1
    m_PVRDirectSampleCount: 32
    m_PVRSampleCount: 500
    m_PVRBounces: 2
    m_PVREnvironmentSampleCount: 500
    m_PVREnvironmentReferencePointCount: 2048
    m_PVRFilteringMode: 2
    m_PVRDenoiserTypeDirect: 0
    m_PVRDenoiserTypeIndirect: 0
    m_PVRDenoiserTypeAO: 0
    m_PVRFilterTypeDirect: 0
    m_PVRFilterTypeIndirect: 0
    m_PVRFilterTypeAO: 0
    m_PVREnvironmentMIS: 0
    m_PVRCulling: 1
    m_PVRFilteringGaussRadiusDirect: 1
    m_PVRFilteringGaussRadiusIndirect: 5
    m_PVRFilteringGaussRadiusAO: 2
    m_PVRFilteringAtrousPositionSigmaDirect: 0.5
    m_PVRFilteringAtrousPositionSigmaIndirect: 2
    m_PVRFilteringAtrousPositionSigmaAO: 1
    m_ExportTrainingData: 0
    m_TrainingDataDestination: TrainingData
  m_LightingDataAsset: {fileID: 0}
  m_UseShadowmask: 1
--- !u!196 &4
NavMeshSettings:
  serializedVersion: 2
  m_ObjectHideFlags: 0
  m_BuildSettings:
    serializedVersion: 2
    agentTypeID: 0
    agentRadius: 0.5
    agentHeight: 2
    agentSlope: 45
    agentClimb: 0.4
    ledgeDropHeight: 0
    maxJumpAcrossDistance: 0
    minRegionArea: 2
    manualCellSize: 0
    cellSize: 0.16666667
    manualTileSize: 0
    tileSize: 256
    accuratePlacement: 0
    debug:
      m_Flags: 0
  m_NavMeshData: {fileID: 0}
--- !u!1 &283396498
GameObject:
  m_ObjectHideFlags: 0
  m_CorrespondingSourceObject: {fileID: 0}
  m_PrefabInstance: {fileID: 0}
  m_PrefabAsset: {fileID: 0}
  serializedVersion: 6
  m_Component:
  - component: {fileID: 283396499}
  m_Layer: 5
  m_Name: Pictures
  m_TagString: Untagged
  m_Icon: {fileID: 0}
  m_NavMeshLayer: 0
  m_StaticEditorFlags: 0
  m_IsActive: 1
--- !u!224 &283396499
RectTransform:
  m_ObjectHideFlags: 0
  m_CorrespondingSourceObject: {fileID: 0}
  m_PrefabInstance: {fileID: 0}
  m_PrefabAsset: {fileID: 0}
  m_GameObject: {fileID: 283396498}
  m_LocalRotation: {x: 0, y: 0, z: 0, w: 1}
  m_LocalPosition: {x: 0, y: 0, z: 0}
  m_LocalScale: {x: 1, y: 1, z: 1}
  m_Children:
  - {fileID: 2015020765}
  m_Father: {fileID: 1424210313}
  m_RootOrder: 0
  m_LocalEulerAnglesHint: {x: 0, y: 0, z: 0}
  m_AnchorMin: {x: 0, y: 0}
  m_AnchorMax: {x: 1, y: 1}
  m_AnchoredPosition: {x: 0, y: 0}
  m_SizeDelta: {x: 0, y: 0}
  m_Pivot: {x: 0.5, y: 0.5}
--- !u!1001 &439894559
PrefabInstance:
  m_ObjectHideFlags: 0
  serializedVersion: 2
  m_Modification:
    m_TransformParent: {fileID: 933662873}
    m_Modifications:
    - target: {fileID: 412143181678634495, guid: 1448d02f3600199489547f5c76f401a6,
        type: 3}
      propertyPath: m_Name
      value: LargeBox Variant
      objectReference: {fileID: 0}
    - target: {fileID: 7632725192737301986, guid: 1448d02f3600199489547f5c76f401a6,
        type: 3}
      propertyPath: m_LocalPosition.x
      value: -5.440024
      objectReference: {fileID: 0}
    - target: {fileID: 7632725192737301986, guid: 1448d02f3600199489547f5c76f401a6,
        type: 3}
      propertyPath: m_LocalPosition.y
      value: 0.84630257
      objectReference: {fileID: 0}
    - target: {fileID: 7632725192737301986, guid: 1448d02f3600199489547f5c76f401a6,
        type: 3}
      propertyPath: m_LocalPosition.z
      value: -14.908391
      objectReference: {fileID: 0}
    - target: {fileID: 7632725192737301986, guid: 1448d02f3600199489547f5c76f401a6,
        type: 3}
      propertyPath: m_LocalRotation.x
      value: -0
      objectReference: {fileID: 0}
    - target: {fileID: 7632725192737301986, guid: 1448d02f3600199489547f5c76f401a6,
        type: 3}
      propertyPath: m_LocalRotation.y
      value: -0
      objectReference: {fileID: 0}
    - target: {fileID: 7632725192737301986, guid: 1448d02f3600199489547f5c76f401a6,
        type: 3}
      propertyPath: m_LocalRotation.z
      value: -0
      objectReference: {fileID: 0}
    - target: {fileID: 7632725192737301986, guid: 1448d02f3600199489547f5c76f401a6,
        type: 3}
      propertyPath: m_LocalRotation.w
      value: 1
      objectReference: {fileID: 0}
    - target: {fileID: 7632725192737301986, guid: 1448d02f3600199489547f5c76f401a6,
        type: 3}
      propertyPath: m_RootOrder
      value: 2
      objectReference: {fileID: 0}
    - target: {fileID: 7632725192737301986, guid: 1448d02f3600199489547f5c76f401a6,
        type: 3}
      propertyPath: m_LocalEulerAnglesHint.x
      value: 0
      objectReference: {fileID: 0}
    - target: {fileID: 7632725192737301986, guid: 1448d02f3600199489547f5c76f401a6,
        type: 3}
      propertyPath: m_LocalEulerAnglesHint.y
      value: 0
      objectReference: {fileID: 0}
    - target: {fileID: 7632725192737301986, guid: 1448d02f3600199489547f5c76f401a6,
        type: 3}
      propertyPath: m_LocalEulerAnglesHint.z
      value: 0
      objectReference: {fileID: 0}
    - target: {fileID: 2803493794609233498, guid: 1448d02f3600199489547f5c76f401a6,
        type: 3}
      propertyPath: m_Size.x
      value: 1.1198382
      objectReference: {fileID: 0}
    - target: {fileID: 2803493794609233498, guid: 1448d02f3600199489547f5c76f401a6,
        type: 3}
      propertyPath: m_Size.y
      value: 1.1198382
      objectReference: {fileID: 0}
    - target: {fileID: 2803493794609233498, guid: 1448d02f3600199489547f5c76f401a6,
        type: 3}
      propertyPath: m_Size.z
      value: 1.1198382
      objectReference: {fileID: 0}
    - target: {fileID: 2803493794609233498, guid: 1448d02f3600199489547f5c76f401a6,
        type: 3}
      propertyPath: m_Center.y
      value: 0.005992174
      objectReference: {fileID: 0}
    m_RemovedComponents: []
  m_SourcePrefab: {fileID: 100100000, guid: 1448d02f3600199489547f5c76f401a6, type: 3}
--- !u!1 &546021078
GameObject:
  m_ObjectHideFlags: 0
  m_CorrespondingSourceObject: {fileID: 0}
  m_PrefabInstance: {fileID: 0}
  m_PrefabAsset: {fileID: 0}
  serializedVersion: 6
  m_Component:
  - component: {fileID: 546021079}
  - component: {fileID: 546021080}
  m_Layer: 0
  m_Name: GameSetup
  m_TagString: Untagged
  m_Icon: {fileID: 0}
  m_NavMeshLayer: 0
  m_StaticEditorFlags: 0
  m_IsActive: 1
--- !u!4 &546021079
Transform:
  m_ObjectHideFlags: 0
  m_CorrespondingSourceObject: {fileID: 0}
  m_PrefabInstance: {fileID: 0}
  m_PrefabAsset: {fileID: 0}
  m_GameObject: {fileID: 546021078}
  m_LocalRotation: {x: 0, y: 0, z: 0, w: 1}
  m_LocalPosition: {x: 410, y: 130, z: 0}
  m_LocalScale: {x: 1, y: 1, z: 1}
  m_Children: []
  m_Father: {fileID: 0}
  m_RootOrder: 6
  m_LocalEulerAnglesHint: {x: 0, y: 0, z: 0}
--- !u!114 &546021080
MonoBehaviour:
  m_ObjectHideFlags: 0
  m_CorrespondingSourceObject: {fileID: 0}
  m_PrefabInstance: {fileID: 0}
  m_PrefabAsset: {fileID: 0}
  m_GameObject: {fileID: 546021078}
  m_Enabled: 1
  m_EditorHideFlags: 0
  m_Script: {fileID: 11500000, guid: fce06da8bdfc13446879d6f18648ba34, type: 3}
  m_Name: 
  m_EditorClassIdentifier: 
  coin: {fileID: 5069659953695759643, guid: ee6832a5c1228284396bcfc03acfc2f9, type: 3}
  diamond: {fileID: 6346586533670645392, guid: 8110708a401e45b4dab56571328c5fde, type: 3}
  spawnTime: 0.8
--- !u!224 &592431374 stripped
RectTransform:
  m_CorrespondingSourceObject: {fileID: 8072060213781896892, guid: 7dc50d5e6dd38554abc8c918f2fe3f6e,
    type: 3}
  m_PrefabInstance: {fileID: 2100724604}
  m_PrefabAsset: {fileID: 0}
--- !u!1 &705507993
GameObject:
  m_ObjectHideFlags: 0
  m_CorrespondingSourceObject: {fileID: 0}
  m_PrefabInstance: {fileID: 0}
  m_PrefabAsset: {fileID: 0}
  serializedVersion: 6
  m_Component:
  - component: {fileID: 705507995}
  - component: {fileID: 705507994}
  m_Layer: 0
  m_Name: Directional Light
  m_TagString: Untagged
  m_Icon: {fileID: 0}
  m_NavMeshLayer: 0
  m_StaticEditorFlags: 0
  m_IsActive: 1
--- !u!108 &705507994
Light:
  m_ObjectHideFlags: 0
  m_CorrespondingSourceObject: {fileID: 0}
  m_PrefabInstance: {fileID: 0}
  m_PrefabAsset: {fileID: 0}
  m_GameObject: {fileID: 705507993}
  m_Enabled: 1
  serializedVersion: 9
  m_Type: 1
  m_Color: {r: 1, g: 0.95686275, b: 0.8392157, a: 1}
  m_Intensity: 1
  m_Range: 10
  m_SpotAngle: 30
  m_InnerSpotAngle: 21.80208
  m_CookieSize: 10
  m_Shadows:
    m_Type: 2
    m_Resolution: -1
    m_CustomResolution: -1
    m_Strength: 1
    m_Bias: 0.05
    m_NormalBias: 0.4
    m_NearPlane: 0.2
    m_CullingMatrixOverride:
      e00: 1
      e01: 0
      e02: 0
      e03: 0
      e10: 0
      e11: 1
      e12: 0
      e13: 0
      e20: 0
      e21: 0
      e22: 1
      e23: 0
      e30: 0
      e31: 0
      e32: 0
      e33: 1
    m_UseCullingMatrixOverride: 0
  m_Cookie: {fileID: 0}
  m_DrawHalo: 0
  m_Flare: {fileID: 0}
  m_RenderMode: 0
  m_CullingMask:
    serializedVersion: 2
    m_Bits: 4294967295
  m_RenderingLayerMask: 1
  m_Lightmapping: 1
  m_LightShadowCasterMode: 0
  m_AreaSize: {x: 1, y: 1}
  m_BounceIntensity: 1
  m_ColorTemperature: 6570
  m_UseColorTemperature: 0
  m_BoundingSphereOverride: {x: 0, y: 0, z: 0, w: 0}
  m_UseBoundingSphereOverride: 0
  m_ShadowRadius: 0
  m_ShadowAngle: 0
--- !u!4 &705507995
Transform:
  m_ObjectHideFlags: 0
  m_CorrespondingSourceObject: {fileID: 0}
  m_PrefabInstance: {fileID: 0}
  m_PrefabAsset: {fileID: 0}
  m_GameObject: {fileID: 705507993}
  m_LocalRotation: {x: 0.40821788, y: -0.23456968, z: 0.10938163, w: 0.8754261}
  m_LocalPosition: {x: 0, y: 0, z: 0}
  m_LocalScale: {x: 2, y: 2, z: 2}
  m_Children: []
  m_Father: {fileID: 0}
  m_RootOrder: 0
  m_LocalEulerAnglesHint: {x: 50, y: -30, z: 0}
--- !u!4 &913498189 stripped
Transform:
  m_CorrespondingSourceObject: {fileID: 7632725192737301986, guid: 1448d02f3600199489547f5c76f401a6,
    type: 3}
  m_PrefabInstance: {fileID: 439894559}
  m_PrefabAsset: {fileID: 0}
--- !u!1 &933662872
GameObject:
  m_ObjectHideFlags: 0
  m_CorrespondingSourceObject: {fileID: 0}
  m_PrefabInstance: {fileID: 0}
  m_PrefabAsset: {fileID: 0}
  serializedVersion: 6
  m_Component:
  - component: {fileID: 933662873}
  m_Layer: 0
  m_Name: Boxes
  m_TagString: Untagged
  m_Icon: {fileID: 0}
  m_NavMeshLayer: 0
  m_StaticEditorFlags: 0
  m_IsActive: 1
--- !u!4 &933662873
Transform:
  m_ObjectHideFlags: 0
  m_CorrespondingSourceObject: {fileID: 0}
  m_PrefabInstance: {fileID: 0}
  m_PrefabAsset: {fileID: 0}
  m_GameObject: {fileID: 933662872}
  m_LocalRotation: {x: 0, y: 0, z: 0, w: 1}
  m_LocalPosition: {x: 0.4786752, y: 0.40369743, z: 25.718391}
  m_LocalScale: {x: 1, y: 1, z: 1}
  m_Children:
  - {fileID: 1478200959}
  - {fileID: 2095388474}
  - {fileID: 913498189}
  m_Father: {fileID: 0}
  m_RootOrder: 2
  m_LocalEulerAnglesHint: {x: 0, y: 0, z: 0}
--- !u!1 &952843955
GameObject:
  m_ObjectHideFlags: 0
  m_CorrespondingSourceObject: {fileID: 0}
  m_PrefabInstance: {fileID: 0}
  m_PrefabAsset: {fileID: 0}
  serializedVersion: 6
  m_Component:
  - component: {fileID: 952843959}
  - component: {fileID: 952843958}
  - component: {fileID: 952843957}
  - component: {fileID: 952843956}
  m_Layer: 8
  m_Name: Plane
  m_TagString: Ground
  m_Icon: {fileID: 0}
  m_NavMeshLayer: 0
  m_StaticEditorFlags: 0
  m_IsActive: 1
--- !u!64 &952843956
MeshCollider:
  m_ObjectHideFlags: 0
  m_CorrespondingSourceObject: {fileID: 0}
  m_PrefabInstance: {fileID: 0}
  m_PrefabAsset: {fileID: 0}
  m_GameObject: {fileID: 952843955}
  m_Material: {fileID: 0}
  m_IsTrigger: 0
  m_Enabled: 1
  serializedVersion: 3
  m_Convex: 0
  m_CookingOptions: 14
  m_Mesh: {fileID: 10209, guid: 0000000000000000e000000000000000, type: 0}
--- !u!23 &952843957
MeshRenderer:
  m_ObjectHideFlags: 0
  m_CorrespondingSourceObject: {fileID: 0}
  m_PrefabInstance: {fileID: 0}
  m_PrefabAsset: {fileID: 0}
  m_GameObject: {fileID: 952843955}
  m_Enabled: 1
  m_CastShadows: 1
  m_ReceiveShadows: 1
  m_DynamicOccludee: 1
  m_MotionVectors: 1
  m_LightProbeUsage: 1
  m_ReflectionProbeUsage: 1
  m_RenderingLayerMask: 1
  m_RendererPriority: 0
  m_Materials:
  - {fileID: 2100000, guid: 2931dfbdbc79a9a4c8a5102869c1ec01, type: 2}
  m_StaticBatchInfo:
    firstSubMesh: 0
    subMeshCount: 0
  m_StaticBatchRoot: {fileID: 0}
  m_ProbeAnchor: {fileID: 0}
  m_LightProbeVolumeOverride: {fileID: 0}
  m_ScaleInLightmap: 1
  m_ReceiveGI: 1
  m_PreserveUVs: 0
  m_IgnoreNormalsForChartDetection: 0
  m_ImportantGI: 0
  m_StitchLightmapSeams: 1
  m_SelectedEditorRenderState: 3
  m_MinimumChartSize: 4
  m_AutoUVMaxDistance: 0.5
  m_AutoUVMaxAngle: 89
  m_LightmapParameters: {fileID: 0}
  m_SortingLayerID: 0
  m_SortingLayer: 0
  m_SortingOrder: 0
--- !u!33 &952843958
MeshFilter:
  m_ObjectHideFlags: 0
  m_CorrespondingSourceObject: {fileID: 0}
  m_PrefabInstance: {fileID: 0}
  m_PrefabAsset: {fileID: 0}
  m_GameObject: {fileID: 952843955}
  m_Mesh: {fileID: 10209, guid: 0000000000000000e000000000000000, type: 0}
--- !u!4 &952843959
Transform:
  m_ObjectHideFlags: 0
  m_CorrespondingSourceObject: {fileID: 0}
  m_PrefabInstance: {fileID: 0}
  m_PrefabAsset: {fileID: 0}
  m_GameObject: {fileID: 952843955}
  m_LocalRotation: {x: 0, y: 0, z: 0, w: 1}
  m_LocalPosition: {x: 0, y: -0.95, z: 0}
  m_LocalScale: {x: 7, y: 7, z: 7}
  m_Children: []
  m_Father: {fileID: 0}
  m_RootOrder: 3
  m_LocalEulerAnglesHint: {x: 0, y: 0, z: 0}
--- !u!1001 &1135232068
PrefabInstance:
  m_ObjectHideFlags: 0
  serializedVersion: 2
  m_Modification:
    m_TransformParent: {fileID: 933662873}
    m_Modifications:
    - target: {fileID: 6003031061395126999, guid: 4f9f7c893b3422847bd209f21f3e4d83,
        type: 3}
      propertyPath: m_Name
      value: Box
      objectReference: {fileID: 0}
    - target: {fileID: 4547463427610802890, guid: 4f9f7c893b3422847bd209f21f3e4d83,
        type: 3}
      propertyPath: m_LocalPosition.x
      value: -0.25094157
      objectReference: {fileID: 0}
    - target: {fileID: 4547463427610802890, guid: 4f9f7c893b3422847bd209f21f3e4d83,
        type: 3}
      propertyPath: m_LocalPosition.y
      value: -0.5286974
      objectReference: {fileID: 0}
    - target: {fileID: 4547463427610802890, guid: 4f9f7c893b3422847bd209f21f3e4d83,
        type: 3}
      propertyPath: m_LocalPosition.z
      value: -1.8762493
      objectReference: {fileID: 0}
    - target: {fileID: 4547463427610802890, guid: 4f9f7c893b3422847bd209f21f3e4d83,
        type: 3}
      propertyPath: m_LocalRotation.x
      value: -0
      objectReference: {fileID: 0}
    - target: {fileID: 4547463427610802890, guid: 4f9f7c893b3422847bd209f21f3e4d83,
        type: 3}
      propertyPath: m_LocalRotation.y
      value: -0
      objectReference: {fileID: 0}
    - target: {fileID: 4547463427610802890, guid: 4f9f7c893b3422847bd209f21f3e4d83,
        type: 3}
      propertyPath: m_LocalRotation.z
      value: -0
      objectReference: {fileID: 0}
    - target: {fileID: 4547463427610802890, guid: 4f9f7c893b3422847bd209f21f3e4d83,
        type: 3}
      propertyPath: m_LocalRotation.w
      value: 1
      objectReference: {fileID: 0}
    - target: {fileID: 4547463427610802890, guid: 4f9f7c893b3422847bd209f21f3e4d83,
        type: 3}
      propertyPath: m_RootOrder
      value: 0
      objectReference: {fileID: 0}
    - target: {fileID: 4547463427610802890, guid: 4f9f7c893b3422847bd209f21f3e4d83,
        type: 3}
      propertyPath: m_LocalEulerAnglesHint.x
      value: 0
      objectReference: {fileID: 0}
    - target: {fileID: 4547463427610802890, guid: 4f9f7c893b3422847bd209f21f3e4d83,
        type: 3}
      propertyPath: m_LocalEulerAnglesHint.y
      value: 0
      objectReference: {fileID: 0}
    - target: {fileID: 4547463427610802890, guid: 4f9f7c893b3422847bd209f21f3e4d83,
        type: 3}
      propertyPath: m_LocalEulerAnglesHint.z
      value: 0
      objectReference: {fileID: 0}
    - target: {fileID: 8079233684788191602, guid: 4f9f7c893b3422847bd209f21f3e4d83,
        type: 3}
      propertyPath: m_Size.z
      value: 1.142515
      objectReference: {fileID: 0}
    - target: {fileID: 8079233684788191602, guid: 4f9f7c893b3422847bd209f21f3e4d83,
        type: 3}
      propertyPath: m_Center.z
      value: 0.006397128
      objectReference: {fileID: 0}
    - target: {fileID: 8079233684788191602, guid: 4f9f7c893b3422847bd209f21f3e4d83,
        type: 3}
      propertyPath: m_Size.x
      value: 1.1294248
      objectReference: {fileID: 0}
    - target: {fileID: 8079233684788191602, guid: 4f9f7c893b3422847bd209f21f3e4d83,
        type: 3}
      propertyPath: m_Center.x
      value: -0.002588471
      objectReference: {fileID: 0}
    - target: {fileID: 8079233684788191602, guid: 4f9f7c893b3422847bd209f21f3e4d83,
        type: 3}
      propertyPath: m_Size.y
      value: 1.1153983
      objectReference: {fileID: 0}
    - target: {fileID: 8079233684788191602, guid: 4f9f7c893b3422847bd209f21f3e4d83,
        type: 3}
      propertyPath: m_Center.y
      value: -0.0064109964
      objectReference: {fileID: 0}
    m_RemovedComponents: []
  m_SourcePrefab: {fileID: 100100000, guid: 4f9f7c893b3422847bd209f21f3e4d83, type: 3}
--- !u!1 &1244467724
GameObject:
  m_ObjectHideFlags: 0
  m_CorrespondingSourceObject: {fileID: 0}
  m_PrefabInstance: {fileID: 0}
  m_PrefabAsset: {fileID: 0}
  serializedVersion: 6
  m_Component:
  - component: {fileID: 1244467725}
  m_Layer: 0
  m_Name: Platforms
  m_TagString: Untagged
  m_Icon: {fileID: 0}
  m_NavMeshLayer: 0
  m_StaticEditorFlags: 0
  m_IsActive: 1
--- !u!4 &1244467725
Transform:
  m_ObjectHideFlags: 0
  m_CorrespondingSourceObject: {fileID: 0}
  m_PrefabInstance: {fileID: 0}
  m_PrefabAsset: {fileID: 0}
  m_GameObject: {fileID: 1244467724}
  m_LocalRotation: {x: -0, y: -0, z: -0, w: 1}
  m_LocalPosition: {x: 3.1837425, y: -6.711861, z: 0.5248291}
  m_LocalScale: {x: 1, y: 1, z: 1}
  m_Children:
  - {fileID: 626452678426403880}
  - {fileID: 626452677398649464}
  - {fileID: 626452677947525020}
  - {fileID: 6753946010194076928}
  - {fileID: 6138446472585882619}
  m_Father: {fileID: 0}
  m_RootOrder: 1
  m_LocalEulerAnglesHint: {x: 0, y: 0, z: 0}
--- !u!1 &1424210309
GameObject:
  m_ObjectHideFlags: 0
  m_CorrespondingSourceObject: {fileID: 0}
  m_PrefabInstance: {fileID: 0}
  m_PrefabAsset: {fileID: 0}
  serializedVersion: 6
  m_Component:
  - component: {fileID: 1424210313}
  - component: {fileID: 1424210312}
  - component: {fileID: 1424210311}
  - component: {fileID: 1424210310}
  m_Layer: 5
  m_Name: Canvas
  m_TagString: Untagged
  m_Icon: {fileID: 0}
  m_NavMeshLayer: 0
  m_StaticEditorFlags: 0
  m_IsActive: 1
--- !u!114 &1424210310
MonoBehaviour:
  m_ObjectHideFlags: 0
  m_CorrespondingSourceObject: {fileID: 0}
  m_PrefabInstance: {fileID: 0}
  m_PrefabAsset: {fileID: 0}
  m_GameObject: {fileID: 1424210309}
  m_Enabled: 1
  m_EditorHideFlags: 0
  m_Script: {fileID: 11500000, guid: dc42784cf147c0c48a680349fa168899, type: 3}
  m_Name: 
  m_EditorClassIdentifier: 
  m_IgnoreReversedGraphics: 1
  m_BlockingObjects: 0
  m_BlockingMask:
    serializedVersion: 2
    m_Bits: 4294967295
--- !u!114 &1424210311
MonoBehaviour:
  m_ObjectHideFlags: 0
  m_CorrespondingSourceObject: {fileID: 0}
  m_PrefabInstance: {fileID: 0}
  m_PrefabAsset: {fileID: 0}
  m_GameObject: {fileID: 1424210309}
  m_Enabled: 1
  m_EditorHideFlags: 0
  m_Script: {fileID: 11500000, guid: 0cd44c1031e13a943bb63640046fad76, type: 3}
  m_Name: 
  m_EditorClassIdentifier: 
  m_UiScaleMode: 1
  m_ReferencePixelsPerUnit: 25
  m_ScaleFactor: 1
  m_ReferenceResolution: {x: 800, y: 600}
  m_ScreenMatchMode: 0
  m_MatchWidthOrHeight: 0
  m_PhysicalUnit: 3
  m_FallbackScreenDPI: 96
  m_DefaultSpriteDPI: 96
  m_DynamicPixelsPerUnit: 1
--- !u!223 &1424210312
Canvas:
  m_ObjectHideFlags: 0
  m_CorrespondingSourceObject: {fileID: 0}
  m_PrefabInstance: {fileID: 0}
  m_PrefabAsset: {fileID: 0}
  m_GameObject: {fileID: 1424210309}
  m_Enabled: 1
  serializedVersion: 3
  m_RenderMode: 0
  m_Camera: {fileID: 0}
  m_PlaneDistance: 100
  m_PixelPerfect: 0
  m_ReceivesEvents: 1
  m_OverrideSorting: 0
  m_OverridePixelPerfect: 0
  m_SortingBucketNormalizedSize: 0
  m_AdditionalShaderChannelsFlag: 25
  m_SortingLayerID: 0
  m_SortingOrder: 0
  m_TargetDisplay: 0
--- !u!224 &1424210313
RectTransform:
  m_ObjectHideFlags: 0
  m_CorrespondingSourceObject: {fileID: 0}
  m_PrefabInstance: {fileID: 0}
  m_PrefabAsset: {fileID: 0}
  m_GameObject: {fileID: 1424210309}
  m_LocalRotation: {x: 0, y: 0, z: 0, w: 1}
  m_LocalPosition: {x: 0, y: 0, z: 0}
  m_LocalScale: {x: 0, y: 0, z: 0}
  m_Children:
  - {fileID: 283396499}
  - {fileID: 1492789112}
  m_Father: {fileID: 0}
  m_RootOrder: 4
  m_LocalEulerAnglesHint: {x: 0, y: 0, z: 0}
  m_AnchorMin: {x: 0, y: 0}
  m_AnchorMax: {x: 0, y: 0}
  m_AnchoredPosition: {x: 0, y: 0}
  m_SizeDelta: {x: 0, y: 0}
  m_Pivot: {x: 0, y: 0}
--- !u!1001 &1424793394
PrefabInstance:
  m_ObjectHideFlags: 0
  serializedVersion: 2
  m_Modification:
    m_TransformParent: {fileID: 933662873}
    m_Modifications:
    - target: {fileID: 4606362320535827373, guid: b16cdc5e80d76d74f9ad41b226ca63b0,
        type: 3}
      propertyPath: m_Name
      value: MidBox Variant
      objectReference: {fileID: 0}
    - target: {fileID: 6033080821178299312, guid: b16cdc5e80d76d74f9ad41b226ca63b0,
        type: 3}
      propertyPath: m_LocalPosition.x
      value: -3.2071657
      objectReference: {fileID: 0}
    - target: {fileID: 6033080821178299312, guid: b16cdc5e80d76d74f9ad41b226ca63b0,
        type: 3}
      propertyPath: m_LocalPosition.y
      value: 0.02130258
      objectReference: {fileID: 0}
    - target: {fileID: 6033080821178299312, guid: b16cdc5e80d76d74f9ad41b226ca63b0,
        type: 3}
      propertyPath: m_LocalPosition.z
      value: -6.8783913
      objectReference: {fileID: 0}
    - target: {fileID: 6033080821178299312, guid: b16cdc5e80d76d74f9ad41b226ca63b0,
        type: 3}
      propertyPath: m_LocalRotation.x
      value: -0
      objectReference: {fileID: 0}
    - target: {fileID: 6033080821178299312, guid: b16cdc5e80d76d74f9ad41b226ca63b0,
        type: 3}
      propertyPath: m_LocalRotation.y
      value: -0
      objectReference: {fileID: 0}
    - target: {fileID: 6033080821178299312, guid: b16cdc5e80d76d74f9ad41b226ca63b0,
        type: 3}
      propertyPath: m_LocalRotation.z
      value: -0
      objectReference: {fileID: 0}
    - target: {fileID: 6033080821178299312, guid: b16cdc5e80d76d74f9ad41b226ca63b0,
        type: 3}
      propertyPath: m_LocalRotation.w
      value: 1
      objectReference: {fileID: 0}
    - target: {fileID: 6033080821178299312, guid: b16cdc5e80d76d74f9ad41b226ca63b0,
        type: 3}
      propertyPath: m_RootOrder
      value: 1
      objectReference: {fileID: 0}
    - target: {fileID: 6033080821178299312, guid: b16cdc5e80d76d74f9ad41b226ca63b0,
        type: 3}
      propertyPath: m_LocalEulerAnglesHint.x
      value: 0
      objectReference: {fileID: 0}
    - target: {fileID: 6033080821178299312, guid: b16cdc5e80d76d74f9ad41b226ca63b0,
        type: 3}
      propertyPath: m_LocalEulerAnglesHint.y
      value: 0
      objectReference: {fileID: 0}
    - target: {fileID: 6033080821178299312, guid: b16cdc5e80d76d74f9ad41b226ca63b0,
        type: 3}
      propertyPath: m_LocalEulerAnglesHint.z
      value: 0
      objectReference: {fileID: 0}
    - target: {fileID: 2070862896416696328, guid: b16cdc5e80d76d74f9ad41b226ca63b0,
        type: 3}
      propertyPath: m_Size.x
      value: 1.1078547
      objectReference: {fileID: 0}
    - target: {fileID: 2070862896416696328, guid: b16cdc5e80d76d74f9ad41b226ca63b0,
        type: 3}
      propertyPath: m_Size.y
      value: 1.1078547
      objectReference: {fileID: 0}
    - target: {fileID: 2070862896416696328, guid: b16cdc5e80d76d74f9ad41b226ca63b0,
        type: 3}
      propertyPath: m_Size.z
      value: 1.1078547
      objectReference: {fileID: 0}
    - target: {fileID: 2070862896416696328, guid: b16cdc5e80d76d74f9ad41b226ca63b0,
        type: 3}
      propertyPath: m_Center.x
      value: 0
      objectReference: {fileID: 0}
    m_RemovedComponents: []
  m_SourcePrefab: {fileID: 100100000, guid: b16cdc5e80d76d74f9ad41b226ca63b0, type: 3}
--- !u!4 &1478200959 stripped
Transform:
  m_CorrespondingSourceObject: {fileID: 4547463427610802890, guid: 4f9f7c893b3422847bd209f21f3e4d83,
    type: 3}
  m_PrefabInstance: {fileID: 1135232068}
  m_PrefabAsset: {fileID: 0}
--- !u!1 &1492789111
GameObject:
  m_ObjectHideFlags: 0
  m_CorrespondingSourceObject: {fileID: 0}
  m_PrefabInstance: {fileID: 0}
  m_PrefabAsset: {fileID: 0}
  serializedVersion: 6
  m_Component:
  - component: {fileID: 1492789112}
  m_Layer: 5
  m_Name: Text
  m_TagString: Untagged
  m_Icon: {fileID: 0}
  m_NavMeshLayer: 0
  m_StaticEditorFlags: 0
  m_IsActive: 1
--- !u!224 &1492789112
RectTransform:
  m_ObjectHideFlags: 0
  m_CorrespondingSourceObject: {fileID: 0}
  m_PrefabInstance: {fileID: 0}
  m_PrefabAsset: {fileID: 0}
  m_GameObject: {fileID: 1492789111}
  m_LocalRotation: {x: 0, y: 0, z: 0, w: 1}
  m_LocalPosition: {x: 0, y: 0, z: 0}
  m_LocalScale: {x: 1, y: 1, z: 1}
  m_Children:
  - {fileID: 592431374}
  m_Father: {fileID: 1424210313}
  m_RootOrder: 1
  m_LocalEulerAnglesHint: {x: 0, y: 0, z: 0}
  m_AnchorMin: {x: 0, y: 0}
  m_AnchorMax: {x: 1, y: 1}
  m_AnchoredPosition: {x: 0, y: 0}
  m_SizeDelta: {x: 0, y: 0}
  m_Pivot: {x: 0.5, y: 0.5}
--- !u!1 &2011477657
GameObject:
  m_ObjectHideFlags: 0
  m_CorrespondingSourceObject: {fileID: 0}
  m_PrefabInstance: {fileID: 0}
  m_PrefabAsset: {fileID: 0}
  serializedVersion: 6
  m_Component:
  - component: {fileID: 2011477660}
  - component: {fileID: 2011477659}
  - component: {fileID: 2011477658}
  m_Layer: 0
  m_Name: EventSystem
  m_TagString: Untagged
  m_Icon: {fileID: 0}
  m_NavMeshLayer: 0
  m_StaticEditorFlags: 0
  m_IsActive: 1
--- !u!114 &2011477658
MonoBehaviour:
  m_ObjectHideFlags: 0
  m_CorrespondingSourceObject: {fileID: 0}
  m_PrefabInstance: {fileID: 0}
  m_PrefabAsset: {fileID: 0}
  m_GameObject: {fileID: 2011477657}
  m_Enabled: 1
  m_EditorHideFlags: 0
  m_Script: {fileID: 11500000, guid: 4f231c4fb786f3946a6b90b886c48677, type: 3}
  m_Name: 
  m_EditorClassIdentifier: 
  m_HorizontalAxis: Horizontal
  m_VerticalAxis: Vertical
  m_SubmitButton: Submit
  m_CancelButton: Cancel
  m_InputActionsPerSecond: 10
  m_RepeatDelay: 0.5
  m_ForceModuleActive: 0
--- !u!114 &2011477659
MonoBehaviour:
  m_ObjectHideFlags: 0
  m_CorrespondingSourceObject: {fileID: 0}
  m_PrefabInstance: {fileID: 0}
  m_PrefabAsset: {fileID: 0}
  m_GameObject: {fileID: 2011477657}
  m_Enabled: 1
  m_EditorHideFlags: 0
  m_Script: {fileID: 11500000, guid: 76c392e42b5098c458856cdf6ecaaaa1, type: 3}
  m_Name: 
  m_EditorClassIdentifier: 
  m_FirstSelected: {fileID: 0}
  m_sendNavigationEvents: 1
  m_DragThreshold: 10
--- !u!4 &2011477660
Transform:
  m_ObjectHideFlags: 0
  m_CorrespondingSourceObject: {fileID: 0}
  m_PrefabInstance: {fileID: 0}
  m_PrefabAsset: {fileID: 0}
  m_GameObject: {fileID: 2011477657}
  m_LocalRotation: {x: 0, y: 0, z: 0, w: 1}
  m_LocalPosition: {x: 0, y: 0, z: 0}
  m_LocalScale: {x: 1, y: 1, z: 1}
  m_Children: []
  m_Father: {fileID: 0}
  m_RootOrder: 5
  m_LocalEulerAnglesHint: {x: 0, y: 0, z: 0}
--- !u!1 &2015020764
GameObject:
  m_ObjectHideFlags: 0
  m_CorrespondingSourceObject: {fileID: 0}
  m_PrefabInstance: {fileID: 0}
  m_PrefabAsset: {fileID: 0}
  serializedVersion: 6
  m_Component:
  - component: {fileID: 2015020765}
  - component: {fileID: 2015020767}
  - component: {fileID: 2015020766}
  m_Layer: 5
  m_Name: CountBackground
  m_TagString: Untagged
  m_Icon: {fileID: 0}
  m_NavMeshLayer: 0
  m_StaticEditorFlags: 0
  m_IsActive: 1
--- !u!224 &2015020765
RectTransform:
  m_ObjectHideFlags: 0
  m_CorrespondingSourceObject: {fileID: 0}
  m_PrefabInstance: {fileID: 0}
  m_PrefabAsset: {fileID: 0}
  m_GameObject: {fileID: 2015020764}
  m_LocalRotation: {x: 0, y: 0, z: 0, w: 1}
  m_LocalPosition: {x: 0, y: 0, z: 0}
  m_LocalScale: {x: 1, y: 1, z: 1}
  m_Children: []
  m_Father: {fileID: 283396499}
  m_RootOrder: 0
  m_LocalEulerAnglesHint: {x: 0, y: 0, z: 0}
  m_AnchorMin: {x: 1, y: 1}
  m_AnchorMax: {x: 1, y: 1}
  m_AnchoredPosition: {x: 0, y: 0}
  m_SizeDelta: {x: 210, y: 50}
  m_Pivot: {x: 1, y: 1}
--- !u!114 &2015020766
MonoBehaviour:
  m_ObjectHideFlags: 0
  m_CorrespondingSourceObject: {fileID: 0}
  m_PrefabInstance: {fileID: 0}
  m_PrefabAsset: {fileID: 0}
  m_GameObject: {fileID: 2015020764}
  m_Enabled: 1
  m_EditorHideFlags: 0
  m_Script: {fileID: 11500000, guid: fe87c0e1cc204ed48ad3b37840f39efc, type: 3}
  m_Name: 
  m_EditorClassIdentifier: 
  m_Material: {fileID: 0}
  m_Color: {r: 0, g: 0, b: 0, a: 0.49803922}
  m_RaycastTarget: 1
  m_OnCullStateChanged:
    m_PersistentCalls:
      m_Calls: []
  m_Sprite: {fileID: 0}
  m_Type: 0
  m_PreserveAspect: 0
  m_FillCenter: 1
  m_FillMethod: 4
  m_FillAmount: 1
  m_FillClockwise: 1
  m_FillOrigin: 0
  m_UseSpriteMesh: 0
  m_PixelsPerUnitMultiplier: 1
--- !u!222 &2015020767
CanvasRenderer:
  m_ObjectHideFlags: 0
  m_CorrespondingSourceObject: {fileID: 0}
  m_PrefabInstance: {fileID: 0}
  m_PrefabAsset: {fileID: 0}
  m_GameObject: {fileID: 2015020764}
  m_CullTransparentMesh: 0
--- !u!4 &2095388474 stripped
Transform:
  m_CorrespondingSourceObject: {fileID: 6033080821178299312, guid: b16cdc5e80d76d74f9ad41b226ca63b0,
    type: 3}
  m_PrefabInstance: {fileID: 1424793394}
  m_PrefabAsset: {fileID: 0}
--- !u!1001 &2100724604
PrefabInstance:
  m_ObjectHideFlags: 0
  serializedVersion: 2
  m_Modification:
    m_TransformParent: {fileID: 1492789112}
    m_Modifications:
    - target: {fileID: 8072060213781896891, guid: 7dc50d5e6dd38554abc8c918f2fe3f6e,
        type: 3}
      propertyPath: m_Name
      value: Count
      objectReference: {fileID: 0}
    - target: {fileID: 8072060213781896891, guid: 7dc50d5e6dd38554abc8c918f2fe3f6e,
        type: 3}
      propertyPath: m_IsActive
      value: 1
      objectReference: {fileID: 0}
    - target: {fileID: 8072060213781896892, guid: 7dc50d5e6dd38554abc8c918f2fe3f6e,
        type: 3}
      propertyPath: m_LocalPosition.x
      value: 0
      objectReference: {fileID: 0}
    - target: {fileID: 8072060213781896892, guid: 7dc50d5e6dd38554abc8c918f2fe3f6e,
        type: 3}
      propertyPath: m_LocalPosition.y
      value: 0
      objectReference: {fileID: 0}
    - target: {fileID: 8072060213781896892, guid: 7dc50d5e6dd38554abc8c918f2fe3f6e,
        type: 3}
      propertyPath: m_LocalPosition.z
      value: 0
      objectReference: {fileID: 0}
    - target: {fileID: 8072060213781896892, guid: 7dc50d5e6dd38554abc8c918f2fe3f6e,
        type: 3}
      propertyPath: m_LocalRotation.x
      value: -0
      objectReference: {fileID: 0}
    - target: {fileID: 8072060213781896892, guid: 7dc50d5e6dd38554abc8c918f2fe3f6e,
        type: 3}
      propertyPath: m_LocalRotation.y
      value: -0
      objectReference: {fileID: 0}
    - target: {fileID: 8072060213781896892, guid: 7dc50d5e6dd38554abc8c918f2fe3f6e,
        type: 3}
      propertyPath: m_LocalRotation.z
      value: -0
      objectReference: {fileID: 0}
    - target: {fileID: 8072060213781896892, guid: 7dc50d5e6dd38554abc8c918f2fe3f6e,
        type: 3}
      propertyPath: m_LocalRotation.w
      value: 1
      objectReference: {fileID: 0}
    - target: {fileID: 8072060213781896892, guid: 7dc50d5e6dd38554abc8c918f2fe3f6e,
        type: 3}
      propertyPath: m_RootOrder
      value: 0
      objectReference: {fileID: 0}
    - target: {fileID: 8072060213781896892, guid: 7dc50d5e6dd38554abc8c918f2fe3f6e,
        type: 3}
      propertyPath: m_LocalEulerAnglesHint.x
      value: 0
      objectReference: {fileID: 0}
    - target: {fileID: 8072060213781896892, guid: 7dc50d5e6dd38554abc8c918f2fe3f6e,
        type: 3}
      propertyPath: m_LocalEulerAnglesHint.y
      value: 0
      objectReference: {fileID: 0}
    - target: {fileID: 8072060213781896892, guid: 7dc50d5e6dd38554abc8c918f2fe3f6e,
        type: 3}
      propertyPath: m_LocalEulerAnglesHint.z
      value: 0
      objectReference: {fileID: 0}
    - target: {fileID: 8072060213781896892, guid: 7dc50d5e6dd38554abc8c918f2fe3f6e,
        type: 3}
      propertyPath: m_AnchoredPosition.x
      value: 0
      objectReference: {fileID: 0}
    - target: {fileID: 8072060213781896892, guid: 7dc50d5e6dd38554abc8c918f2fe3f6e,
        type: 3}
      propertyPath: m_AnchoredPosition.y
      value: -6
      objectReference: {fileID: 0}
    - target: {fileID: 8072060213781896892, guid: 7dc50d5e6dd38554abc8c918f2fe3f6e,
        type: 3}
      propertyPath: m_SizeDelta.x
      value: 200
      objectReference: {fileID: 0}
    - target: {fileID: 8072060213781896892, guid: 7dc50d5e6dd38554abc8c918f2fe3f6e,
        type: 3}
      propertyPath: m_SizeDelta.y
      value: 50
      objectReference: {fileID: 0}
    - target: {fileID: 8072060213781896892, guid: 7dc50d5e6dd38554abc8c918f2fe3f6e,
        type: 3}
      propertyPath: m_AnchorMin.x
      value: 1
      objectReference: {fileID: 0}
    - target: {fileID: 8072060213781896892, guid: 7dc50d5e6dd38554abc8c918f2fe3f6e,
        type: 3}
      propertyPath: m_AnchorMin.y
      value: 1
      objectReference: {fileID: 0}
    - target: {fileID: 8072060213781896892, guid: 7dc50d5e6dd38554abc8c918f2fe3f6e,
        type: 3}
      propertyPath: m_AnchorMax.x
      value: 1
      objectReference: {fileID: 0}
    - target: {fileID: 8072060213781896892, guid: 7dc50d5e6dd38554abc8c918f2fe3f6e,
        type: 3}
      propertyPath: m_AnchorMax.y
      value: 1
      objectReference: {fileID: 0}
    - target: {fileID: 8072060213781896892, guid: 7dc50d5e6dd38554abc8c918f2fe3f6e,
        type: 3}
      propertyPath: m_Pivot.x
      value: 1
      objectReference: {fileID: 0}
    - target: {fileID: 8072060213781896892, guid: 7dc50d5e6dd38554abc8c918f2fe3f6e,
        type: 3}
      propertyPath: m_Pivot.y
      value: 1
      objectReference: {fileID: 0}
    - target: {fileID: 8072060213781896893, guid: 7dc50d5e6dd38554abc8c918f2fe3f6e,
        type: 3}
      propertyPath: m_Text
      value: 'Points: '
      objectReference: {fileID: 0}
    m_RemovedComponents: []
  m_SourcePrefab: {fileID: 100100000, guid: 7dc50d5e6dd38554abc8c918f2fe3f6e, type: 3}
--- !u!4 &626452677398649464 stripped
Transform:
  m_CorrespondingSourceObject: {fileID: 158082589929079786, guid: 1b980ce9ff497bb47ab16ef18cdb06f7,
    type: 3}
  m_PrefabInstance: {fileID: 756609286592125330}
  m_PrefabAsset: {fileID: 0}
--- !u!4 &626452677947525020 stripped
Transform:
  m_CorrespondingSourceObject: {fileID: 3179017981055778954, guid: 117a58eef175f9340b56f12f9747365e,
    type: 3}
  m_PrefabInstance: {fileID: 2643541953493288726}
  m_PrefabAsset: {fileID: 0}
--- !u!4 &626452678426403880 stripped
Transform:
  m_CorrespondingSourceObject: {fileID: 7061968058636981585, guid: d51dd3a3b8a577a40803a1d4ca1e6ac3,
    type: 3}
  m_PrefabInstance: {fileID: 7687853388855570809}
  m_PrefabAsset: {fileID: 0}
--- !u!1001 &756609286592125330
PrefabInstance:
  m_ObjectHideFlags: 0
  serializedVersion: 2
  m_Modification:
    m_TransformParent: {fileID: 1244467725}
    m_Modifications:
    - target: {fileID: 2155017207500065794, guid: 1b980ce9ff497bb47ab16ef18cdb06f7,
        type: 3}
      propertyPath: m_Name
      value: PlatformCylinderSmall
      objectReference: {fileID: 0}
    - target: {fileID: 2155017207500065794, guid: 1b980ce9ff497bb47ab16ef18cdb06f7,
        type: 3}
      propertyPath: m_TagString
      value: Ground
      objectReference: {fileID: 0}
    - target: {fileID: 2155017207500065794, guid: 1b980ce9ff497bb47ab16ef18cdb06f7,
        type: 3}
      propertyPath: m_Layer
      value: 8
      objectReference: {fileID: 0}
    - target: {fileID: 158082589929079786, guid: 1b980ce9ff497bb47ab16ef18cdb06f7,
        type: 3}
      propertyPath: m_LocalPosition.x
      value: 9.27
      objectReference: {fileID: 0}
    - target: {fileID: 158082589929079786, guid: 1b980ce9ff497bb47ab16ef18cdb06f7,
        type: 3}
      propertyPath: m_LocalPosition.y
      value: 6.74
      objectReference: {fileID: 0}
    - target: {fileID: 158082589929079786, guid: 1b980ce9ff497bb47ab16ef18cdb06f7,
        type: 3}
      propertyPath: m_LocalPosition.z
      value: 5.08
      objectReference: {fileID: 0}
    - target: {fileID: 158082589929079786, guid: 1b980ce9ff497bb47ab16ef18cdb06f7,
        type: 3}
      propertyPath: m_LocalRotation.x
      value: -0
      objectReference: {fileID: 0}
    - target: {fileID: 158082589929079786, guid: 1b980ce9ff497bb47ab16ef18cdb06f7,
        type: 3}
      propertyPath: m_LocalRotation.y
      value: -0
      objectReference: {fileID: 0}
    - target: {fileID: 158082589929079786, guid: 1b980ce9ff497bb47ab16ef18cdb06f7,
        type: 3}
      propertyPath: m_LocalRotation.z
      value: -0
      objectReference: {fileID: 0}
    - target: {fileID: 158082589929079786, guid: 1b980ce9ff497bb47ab16ef18cdb06f7,
        type: 3}
      propertyPath: m_LocalRotation.w
      value: 1
      objectReference: {fileID: 0}
    - target: {fileID: 158082589929079786, guid: 1b980ce9ff497bb47ab16ef18cdb06f7,
        type: 3}
      propertyPath: m_RootOrder
      value: 1
      objectReference: {fileID: 0}
    - target: {fileID: 158082589929079786, guid: 1b980ce9ff497bb47ab16ef18cdb06f7,
        type: 3}
      propertyPath: m_LocalEulerAnglesHint.x
      value: 0
      objectReference: {fileID: 0}
    - target: {fileID: 158082589929079786, guid: 1b980ce9ff497bb47ab16ef18cdb06f7,
        type: 3}
      propertyPath: m_LocalEulerAnglesHint.y
      value: 0
      objectReference: {fileID: 0}
    - target: {fileID: 158082589929079786, guid: 1b980ce9ff497bb47ab16ef18cdb06f7,
        type: 3}
      propertyPath: m_LocalEulerAnglesHint.z
      value: 0
      objectReference: {fileID: 0}
    - target: {fileID: 2914073685953443097, guid: 1b980ce9ff497bb47ab16ef18cdb06f7,
        type: 3}
      propertyPath: m_Layer
      value: 8
      objectReference: {fileID: 0}
    m_RemovedComponents: []
  m_SourcePrefab: {fileID: 100100000, guid: 1b980ce9ff497bb47ab16ef18cdb06f7, type: 3}
--- !u!1001 &2643541953493288726
PrefabInstance:
  m_ObjectHideFlags: 0
  serializedVersion: 2
  m_Modification:
    m_TransformParent: {fileID: 1244467725}
    m_Modifications:
    - target: {fileID: 3731113535957634914, guid: 117a58eef175f9340b56f12f9747365e,
        type: 3}
      propertyPath: m_Name
      value: PlatformCylinderMid
      objectReference: {fileID: 0}
    - target: {fileID: 3731113535957634914, guid: 117a58eef175f9340b56f12f9747365e,
        type: 3}
      propertyPath: m_TagString
      value: Ground
      objectReference: {fileID: 0}
    - target: {fileID: 3731113535957634914, guid: 117a58eef175f9340b56f12f9747365e,
        type: 3}
      propertyPath: m_Layer
      value: 8
      objectReference: {fileID: 0}
    - target: {fileID: 3179017981055778954, guid: 117a58eef175f9340b56f12f9747365e,
        type: 3}
      propertyPath: m_LocalPosition.x
      value: 10.11
      objectReference: {fileID: 0}
    - target: {fileID: 3179017981055778954, guid: 117a58eef175f9340b56f12f9747365e,
        type: 3}
      propertyPath: m_LocalPosition.y
      value: 7.2
      objectReference: {fileID: 0}
    - target: {fileID: 3179017981055778954, guid: 117a58eef175f9340b56f12f9747365e,
        type: 3}
      propertyPath: m_LocalPosition.z
      value: -0.75
      objectReference: {fileID: 0}
    - target: {fileID: 3179017981055778954, guid: 117a58eef175f9340b56f12f9747365e,
        type: 3}
      propertyPath: m_LocalRotation.x
      value: -0
      objectReference: {fileID: 0}
    - target: {fileID: 3179017981055778954, guid: 117a58eef175f9340b56f12f9747365e,
        type: 3}
      propertyPath: m_LocalRotation.y
      value: -0
      objectReference: {fileID: 0}
    - target: {fileID: 3179017981055778954, guid: 117a58eef175f9340b56f12f9747365e,
        type: 3}
      propertyPath: m_LocalRotation.z
      value: -0
      objectReference: {fileID: 0}
    - target: {fileID: 3179017981055778954, guid: 117a58eef175f9340b56f12f9747365e,
        type: 3}
      propertyPath: m_LocalRotation.w
      value: 1
      objectReference: {fileID: 0}
    - target: {fileID: 3179017981055778954, guid: 117a58eef175f9340b56f12f9747365e,
        type: 3}
      propertyPath: m_RootOrder
      value: 2
      objectReference: {fileID: 0}
    - target: {fileID: 3179017981055778954, guid: 117a58eef175f9340b56f12f9747365e,
        type: 3}
      propertyPath: m_LocalEulerAnglesHint.x
      value: 0
      objectReference: {fileID: 0}
    - target: {fileID: 3179017981055778954, guid: 117a58eef175f9340b56f12f9747365e,
        type: 3}
      propertyPath: m_LocalEulerAnglesHint.y
      value: 0
      objectReference: {fileID: 0}
    - target: {fileID: 3179017981055778954, guid: 117a58eef175f9340b56f12f9747365e,
        type: 3}
      propertyPath: m_LocalEulerAnglesHint.z
      value: 0
      objectReference: {fileID: 0}
    - target: {fileID: 459197658592720505, guid: 117a58eef175f9340b56f12f9747365e,
        type: 3}
      propertyPath: m_Layer
      value: 8
      objectReference: {fileID: 0}
    m_RemovedComponents: []
  m_SourcePrefab: {fileID: 100100000, guid: 117a58eef175f9340b56f12f9747365e, type: 3}
--- !u!1001 &3633100778337258369
PrefabInstance:
  m_ObjectHideFlags: 0
  serializedVersion: 2
  m_Modification:
    m_TransformParent: {fileID: 1244467725}
    m_Modifications:
    - target: {fileID: 8072768340410818921, guid: 69b7903ad43b319419db174ea372167a,
        type: 3}
      propertyPath: m_Name
      value: PlatformCylinderMidLarge
      objectReference: {fileID: 0}
    - target: {fileID: 8072768340410818921, guid: 69b7903ad43b319419db174ea372167a,
        type: 3}
      propertyPath: m_TagString
      value: Ground
      objectReference: {fileID: 0}
    - target: {fileID: 8072768340410818921, guid: 69b7903ad43b319419db174ea372167a,
        type: 3}
      propertyPath: m_Layer
      value: 8
      objectReference: {fileID: 0}
    - target: {fileID: 8057375090246168193, guid: 69b7903ad43b319419db174ea372167a,
        type: 3}
      propertyPath: m_LocalPosition.x
      value: 6.8162575
      objectReference: {fileID: 0}
    - target: {fileID: 8057375090246168193, guid: 69b7903ad43b319419db174ea372167a,
        type: 3}
      propertyPath: m_LocalPosition.y
      value: 7.75
      objectReference: {fileID: 0}
    - target: {fileID: 8057375090246168193, guid: 69b7903ad43b319419db174ea372167a,
        type: 3}
      propertyPath: m_LocalPosition.z
      value: -5.1
      objectReference: {fileID: 0}
    - target: {fileID: 8057375090246168193, guid: 69b7903ad43b319419db174ea372167a,
        type: 3}
      propertyPath: m_LocalRotation.x
      value: -0
      objectReference: {fileID: 0}
    - target: {fileID: 8057375090246168193, guid: 69b7903ad43b319419db174ea372167a,
        type: 3}
      propertyPath: m_LocalRotation.y
      value: -0
      objectReference: {fileID: 0}
    - target: {fileID: 8057375090246168193, guid: 69b7903ad43b319419db174ea372167a,
        type: 3}
      propertyPath: m_LocalRotation.z
      value: -0
      objectReference: {fileID: 0}
    - target: {fileID: 8057375090246168193, guid: 69b7903ad43b319419db174ea372167a,
        type: 3}
      propertyPath: m_LocalRotation.w
      value: 1
      objectReference: {fileID: 0}
    - target: {fileID: 8057375090246168193, guid: 69b7903ad43b319419db174ea372167a,
        type: 3}
      propertyPath: m_RootOrder
      value: 3
      objectReference: {fileID: 0}
    - target: {fileID: 8057375090246168193, guid: 69b7903ad43b319419db174ea372167a,
        type: 3}
      propertyPath: m_LocalEulerAnglesHint.x
      value: 0
      objectReference: {fileID: 0}
    - target: {fileID: 8057375090246168193, guid: 69b7903ad43b319419db174ea372167a,
        type: 3}
      propertyPath: m_LocalEulerAnglesHint.y
      value: 0
      objectReference: {fileID: 0}
    - target: {fileID: 8057375090246168193, guid: 69b7903ad43b319419db174ea372167a,
        type: 3}
      propertyPath: m_LocalEulerAnglesHint.z
      value: 0
      objectReference: {fileID: 0}
    - target: {fileID: 5012728627024943218, guid: 69b7903ad43b319419db174ea372167a,
        type: 3}
      propertyPath: m_Layer
      value: 8
      objectReference: {fileID: 0}
    m_RemovedComponents: []
  m_SourcePrefab: {fileID: 100100000, guid: 69b7903ad43b319419db174ea372167a, type: 3}
--- !u!1001 &4718493122187234151
PrefabInstance:
  m_ObjectHideFlags: 0
  serializedVersion: 2
  m_Modification:
    m_TransformParent: {fileID: 1244467725}
    m_Modifications:
    - target: {fileID: 833982907396910964, guid: ba337bbf9a7f63643b537acf41bb44c5,
        type: 3}
      propertyPath: m_Name
      value: PlatformCylinder Large
      objectReference: {fileID: 0}
    - target: {fileID: 833982907396910964, guid: ba337bbf9a7f63643b537acf41bb44c5,
        type: 3}
      propertyPath: m_TagString
      value: Ground
      objectReference: {fileID: 0}
    - target: {fileID: 833982907396910964, guid: ba337bbf9a7f63643b537acf41bb44c5,
        type: 3}
      propertyPath: m_Layer
      value: 8
      objectReference: {fileID: 0}
    - target: {fileID: 1462351519493071004, guid: ba337bbf9a7f63643b537acf41bb44c5,
        type: 3}
      propertyPath: m_LocalPosition.x
      value: 1.16
      objectReference: {fileID: 0}
    - target: {fileID: 1462351519493071004, guid: ba337bbf9a7f63643b537acf41bb44c5,
        type: 3}
      propertyPath: m_LocalPosition.y
      value: 8.71
      objectReference: {fileID: 0}
    - target: {fileID: 1462351519493071004, guid: ba337bbf9a7f63643b537acf41bb44c5,
        type: 3}
      propertyPath: m_LocalPosition.z
      value: -6.95
      objectReference: {fileID: 0}
    - target: {fileID: 1462351519493071004, guid: ba337bbf9a7f63643b537acf41bb44c5,
        type: 3}
      propertyPath: m_LocalRotation.x
      value: -0
      objectReference: {fileID: 0}
    - target: {fileID: 1462351519493071004, guid: ba337bbf9a7f63643b537acf41bb44c5,
        type: 3}
      propertyPath: m_LocalRotation.y
      value: -0
      objectReference: {fileID: 0}
    - target: {fileID: 1462351519493071004, guid: ba337bbf9a7f63643b537acf41bb44c5,
        type: 3}
      propertyPath: m_LocalRotation.z
      value: -0
      objectReference: {fileID: 0}
    - target: {fileID: 1462351519493071004, guid: ba337bbf9a7f63643b537acf41bb44c5,
        type: 3}
      propertyPath: m_LocalRotation.w
      value: 1
      objectReference: {fileID: 0}
    - target: {fileID: 1462351519493071004, guid: ba337bbf9a7f63643b537acf41bb44c5,
        type: 3}
      propertyPath: m_RootOrder
      value: 4
      objectReference: {fileID: 0}
    - target: {fileID: 1462351519493071004, guid: ba337bbf9a7f63643b537acf41bb44c5,
        type: 3}
      propertyPath: m_LocalEulerAnglesHint.x
      value: 0
      objectReference: {fileID: 0}
    - target: {fileID: 1462351519493071004, guid: ba337bbf9a7f63643b537acf41bb44c5,
        type: 3}
      propertyPath: m_LocalEulerAnglesHint.y
      value: 0
      objectReference: {fileID: 0}
    - target: {fileID: 1462351519493071004, guid: ba337bbf9a7f63643b537acf41bb44c5,
        type: 3}
      propertyPath: m_LocalEulerAnglesHint.z
      value: 0
      objectReference: {fileID: 0}
    - target: {fileID: 4470404414982051439, guid: ba337bbf9a7f63643b537acf41bb44c5,
        type: 3}
      propertyPath: m_Layer
      value: 8
      objectReference: {fileID: 0}
    m_RemovedComponents: []
  m_SourcePrefab: {fileID: 100100000, guid: ba337bbf9a7f63643b537acf41bb44c5, type: 3}
--- !u!4 &6138446472585882619 stripped
Transform:
  m_CorrespondingSourceObject: {fileID: 1462351519493071004, guid: ba337bbf9a7f63643b537acf41bb44c5,
    type: 3}
  m_PrefabInstance: {fileID: 4718493122187234151}
  m_PrefabAsset: {fileID: 0}
--- !u!4 &6753946010194076928 stripped
Transform:
  m_CorrespondingSourceObject: {fileID: 8057375090246168193, guid: 69b7903ad43b319419db174ea372167a,
    type: 3}
  m_PrefabInstance: {fileID: 3633100778337258369}
  m_PrefabAsset: {fileID: 0}
--- !u!1001 &7687853388855570809
PrefabInstance:
  m_ObjectHideFlags: 0
  serializedVersion: 2
  m_Modification:
    m_TransformParent: {fileID: 1244467725}
    m_Modifications:
    - target: {fileID: 9068157777753840313, guid: d51dd3a3b8a577a40803a1d4ca1e6ac3,
        type: 3}
      propertyPath: m_Name
      value: PlatformCylinder
      objectReference: {fileID: 0}
    - target: {fileID: 9068157777753840313, guid: d51dd3a3b8a577a40803a1d4ca1e6ac3,
        type: 3}
      propertyPath: m_TagString
      value: Ground
      objectReference: {fileID: 0}
    - target: {fileID: 9068157777753840313, guid: d51dd3a3b8a577a40803a1d4ca1e6ac3,
        type: 3}
      propertyPath: m_Layer
      value: 8
      objectReference: {fileID: 0}
    - target: {fileID: 7061968058636981585, guid: d51dd3a3b8a577a40803a1d4ca1e6ac3,
        type: 3}
      propertyPath: m_LocalPosition.x
      value: 5.55
      objectReference: {fileID: 0}
    - target: {fileID: 7061968058636981585, guid: d51dd3a3b8a577a40803a1d4ca1e6ac3,
        type: 3}
      propertyPath: m_LocalPosition.y
      value: 6.257
      objectReference: {fileID: 0}
    - target: {fileID: 7061968058636981585, guid: d51dd3a3b8a577a40803a1d4ca1e6ac3,
        type: 3}
      propertyPath: m_LocalPosition.z
      value: 9.27
      objectReference: {fileID: 0}
    - target: {fileID: 7061968058636981585, guid: d51dd3a3b8a577a40803a1d4ca1e6ac3,
        type: 3}
      propertyPath: m_LocalRotation.x
      value: -0
      objectReference: {fileID: 0}
    - target: {fileID: 7061968058636981585, guid: d51dd3a3b8a577a40803a1d4ca1e6ac3,
        type: 3}
      propertyPath: m_LocalRotation.y
      value: -0
      objectReference: {fileID: 0}
    - target: {fileID: 7061968058636981585, guid: d51dd3a3b8a577a40803a1d4ca1e6ac3,
        type: 3}
      propertyPath: m_LocalRotation.z
      value: -0
      objectReference: {fileID: 0}
    - target: {fileID: 7061968058636981585, guid: d51dd3a3b8a577a40803a1d4ca1e6ac3,
        type: 3}
      propertyPath: m_LocalRotation.w
      value: 1
      objectReference: {fileID: 0}
    - target: {fileID: 7061968058636981585, guid: d51dd3a3b8a577a40803a1d4ca1e6ac3,
        type: 3}
      propertyPath: m_RootOrder
      value: 0
      objectReference: {fileID: 0}
    - target: {fileID: 7061968058636981585, guid: d51dd3a3b8a577a40803a1d4ca1e6ac3,
        type: 3}
      propertyPath: m_LocalEulerAnglesHint.x
      value: 0
      objectReference: {fileID: 0}
    - target: {fileID: 7061968058636981585, guid: d51dd3a3b8a577a40803a1d4ca1e6ac3,
        type: 3}
      propertyPath: m_LocalEulerAnglesHint.y
      value: 0
      objectReference: {fileID: 0}
    - target: {fileID: 7061968058636981585, guid: d51dd3a3b8a577a40803a1d4ca1e6ac3,
        type: 3}
      propertyPath: m_LocalEulerAnglesHint.z
      value: 0
      objectReference: {fileID: 0}
    - target: {fileID: 5206274815471821730, guid: d51dd3a3b8a577a40803a1d4ca1e6ac3,
        type: 3}
      propertyPath: m_IsActive
      value: 1
      objectReference: {fileID: 0}
    - target: {fileID: 5206274815471821730, guid: d51dd3a3b8a577a40803a1d4ca1e6ac3,
        type: 3}
      propertyPath: m_Layer
      value: 8
      objectReference: {fileID: 0}
    - target: {fileID: 2931149976505283630, guid: d51dd3a3b8a577a40803a1d4ca1e6ac3,
        type: 3}
      propertyPath: m_Enabled
      value: 1
      objectReference: {fileID: 0}
    m_RemovedComponents: []
  m_SourcePrefab: {fileID: 100100000, guid: d51dd3a3b8a577a40803a1d4ca1e6ac3, type: 3}
